@Article{Dua_2015,
  doi = {10.1002/psp4.41},
  url = {https://doi.org/10.1002/psp4.41},
  year = {2015},
  month = {jun},
  publisher = {Wiley},
  volume = {4},
  number = {6},
  pages = {324--337},
  author = {P Dua and E Hawkins and PH {van der Graaf}},
  title = {A Tutorial on Target-Mediated Drug Disposition ({TMDD}) Models},
  journal = {{CPT}: Pharmacometrics {\&} Systems Pharmacology},
}

@Article{Peletier_2012,
  doi = {10.1007/s10928-012-9260-6},
  url = {https://doi.org/10.1007/s10928-012-9260-6},
  year = {2012},
  month = {aug},
  publisher = {Springer Science and Business Media {LLC}},
  volume = {39},
  number = {5},
  pages = {429--451},
  author = {Lambertus A. Peletier and Johan Gabrielsson},
  title = {Dynamics of target-mediated drug disposition: characteristic profiles and parameter identification},
  journal = {Journal of Pharmacokinetics and Pharmacodynamics},
}

@Article{Ryman_2017,
  doi = {10.1002/psp4.12224},
  url = {https://doi.org/10.1002/psp4.12224},
  year = {2017},
  month = {jul},
  publisher = {Wiley},
  volume = {6},
  number = {9},
  pages = {576--588},
  author = {Josiah T. Ryman and Bernd Meibohm},
  title = {Pharmacokinetics of Monoclonal Antibodies},
  journal = {{CPT}: Pharmacometrics {\&} Systems Pharmacology},
}

@Article{Yan_2009,
  doi = {10.1007/s10928-009-9142-8},
  url = {https://doi.org/10.1007/s10928-009-9142-8},
  year = {2009},
  month = {dec},
  publisher = {Springer Science and Business Media {LLC}},
  volume = {37},
  number = {1},
  pages = {25--47},
  author = {Xiaoyu Yan and Donald E. Mager and Wojciech Krzyzanski},
  title = {Selection between Michaelis{\textendash}Menten and target-mediated drug disposition pharmacokinetic models},
  journal = {Journal of Pharmacokinetics and Pharmacodynamics},
}

@book{zhou2015adme,
  title={ADME and translational pharmacokinetics/pharmacodynamics of therapeutic proteins: applications in drug discovery and development},
  author={Zhou, Honghui and Theil, Frank-Peter},
  year={2015},
  publisher={John Wiley \& Sons}
}

@article{mould2007pharmacokinetics,
  title={The pharmacokinetics and pharmacodynamics of monoclonal antibodies-mechanistic modeling applied to drug development},
  author={Mould, Diane R and Sweeney, Kevin RD},
  journal={Current Opinion in Drug Discovery and Development},
  volume={10},
  number={1},
  pages={84},
  year={2007},
  publisher={PHARMA PRESS}
}