# 01.Rmd ----

@article{yim2019potency,
  title={Potency and plasma protein binding of drugs in vitro—a potentially misleading pair for predicting in vivo efficacious concentrations in humans},
  author={Yim, Dong-Seok},
  journal={The Korean Journal of Physiology \& Pharmacology},
  volume={23},
  number={4},
  pages={231--236},
  year={2019},
  publisher={The Korean Physiological Society; The Korean Society of Pharmacology}
}

@article{derendorf1999modeling,
  title={Modeling of pharmacokinetic/pharmacodynamic (PK/PD) relationships: concepts and perspectives},
  author={Derendorf, Hartmut and Meibohm, Bernd},
  journal={Pharmaceutical research},
  volume={16},
  number={2},
  pages={176--185},
  year={1999},
  publisher={Springer}
}

@article{obach2008trend,
  title={Trend analysis of a database of intravenous pharmacokinetic parameters in humans for 670 drug compounds},
  author={Obach, R Scott and Lombardo, Franco and Waters, Nigel J},
  journal={Drug Metabolism and Disposition},
  volume={36},
  number={7},
  pages={1385--1405},
  year={2008},
  publisher={ASPET}
}

@article{yim2017tutorial,
  title={Tutorial for beginners: the concept of clearance explained using the example of a vacuum cleaner},
  author={Yim, Dong-Seok},
  journal={Translational and clinical pharmacology},
  volume={25},
  number={1},
  pages={1},
  year={2017},
  publisher={Korean Society for Clinical Pharmacology and Therapeutics}
}

@article{richens1975serum,
  title={Serum-phenytoin levels in management of epilepsy},
  author={Richens, Alan and Dunlop, Andrew},
  journal={The Lancet},
  volume={306},
  number={7928},
  pages={247--248},
  year={1975},
  publisher={Elsevier}
} 

# 02.Rmd ----

@article{sobol2004relationships,
  title={The relationships between half-life (t1/2) and mean residence time (MRT) in the two-compartment open body model},
  author={Sobol, Eyal and Bialer, Meir},
  journal={Biopharmaceutics \& drug disposition},
  volume={25},
  number={4},
  pages={157--162},
  year={2004},
  publisher={Wiley Online Library}
}

# 03.Rmd ----

@article{noe2020parameter,
  title={Parameter Estimation and Reporting in Noncompartmental Analysis of Clinical Pharmacokinetic Data},
  author={Noe, Dennis A},
  journal={Clinical Pharmacology in Drug Development},
  volume={9},
  pages={S5--S35},
  year={2020},
  publisher={Wiley Online Library}
}


@book{chow2009design,
  title={Design and Analysis of Bioavailability and Bioequivalence Studies},
  author={Chow, S.C. and Liu, J.},
  isbn={9781420011678},
  lccn={2008025461},
  series={Chapman \& Hall/CRC Biostatistics Series},
  url={https://books.google.co.kr/books?id=KtKJFGJeV3MC},
  year={2008},
  publisher={CRC Press}
}

# 04.Rmd ----

# 05.Rmd ----

@Book{gabrielsson,
 author = {Gabrielsson, Johan},
 title = {Pharmacokinetic & pharmacodynamic data analysis : concepts and applications},
 publisher = {Apotekarsocieteten},
 year = {2006},
 address = {Stockholm},
 isbn = {9197651001}
}

@Book{nonmem,
  title = {NONMEM 7.5 users guides},
  author = {Bauer, R.J.},
  publisher = {ICON plc.},
  address = {Gaithersburg, Maryland},
  year = {2020},
  url = {https://nonmem.iconplc.com/nonmem750/guides}
}

@Book{basic,
  title = {Pharmacometrics Workshop - Basic Course: 계량약리학 워크샵 - 초급과정},
  author = {Yim, D.S.},
  publisher = {Bookk Co, Ltd.},
  address = {Seoul, South Korea},
  year = {2020},
  url = {https://pipetcpt.github.io/basic}
}

@article{han2014pharmacokinetic,
  title={Pharmacokinetic and pharmacodynamic modeling in anesthetic field},
  author={Han, Dong Woo},
  journal={Anesthesia and Pain Medicine},
  volume={9},
  number={2},
  pages={77--86},
  year={2014},
  publisher={Korean Society of Anesthesiologists}
}


# 07.Rmd ----

@article{Meibohm2017cpt,
  title={Pharmacokinetic and pharmacodynamic modeling in anesthetic field},
  author={Han, Dong Woo},
  journal={Anesthesia and Pain Medicine},
  volume={9},
  number={2},
  pages={77--86},
  year={2014},
  publisher={Korean Society of Anesthesiologists}
}

@article{kohler1975continuous,
  title={Continuous cultures of fused cells secreting antibody of predefined specificity},
  author={K{\"o}hler, Georges and Milstein, Cesar},
  journal={nature},
  volume={256},
  number={5517},
  pages={495--497},
  year={1975},
  publisher={Nature Publishing Group}
}

@article{zhao2013antibody,
  title={The antibody drug absorption following subcutaneous or intramuscular administration and its mathematical description by coupling physiologically based absorption process with the conventional compartment pharmacokinetic model},
  author={Zhao, Liang and Ji, Ping and Li, Zhihong and Roy, Partha and Sahajwalla, Chandrahas G},
  journal={The Journal of Clinical Pharmacology},
  volume={53},
  number={3},
  pages={314--325},
  year={2013},
  publisher={Wiley Online Library}
}