# 01.Rmd ----

@article{derendorf1999modeling,
  title={Modeling of pharmacokinetic/pharmacodynamic (PK/PD) relationships: concepts and perspectives},
  author={Derendorf, Hartmut and Meibohm, Bernd},
  journal={Pharmaceutical research},
  volume={16},
  number={2},
  pages={176--185},
  year={1999},
  publisher={Springer}
}

@article{obach2008trend,
  title={Trend analysis of a database of intravenous pharmacokinetic parameters in humans for 670 drug compounds},
  author={Obach, R Scott and Lombardo, Franco and Waters, Nigel J},
  journal={Drug Metabolism and Disposition},
  volume={36},
  number={7},
  pages={1385--1405},
  year={2008},
  publisher={ASPET}
}

@article{yim2017tutorial,
  title={Tutorial for beginners: the concept of clearance explained using the example of a vacuum cleaner},
  author={Yim, Dong-Seok},
  journal={Translational and clinical pharmacology},
  volume={25},
  number={1},
  pages={1},
  year={2017},
  publisher={Korean Society for Clinical Pharmacology and Therapeutics}
}

@article{richens1975serum,
  title={Serum-phenytoin levels in management of epilepsy},
  author={Richens, Alan and Dunlop, Andrew},
  journal={The Lancet},
  volume={306},
  number={7928},
  pages={247--248},
  year={1975},
  publisher={Elsevier}
} 

# 02.Rmd ----

# 03.Rmd ----

@article{noe2020parameter,
  title={Parameter Estimation and Reporting in Noncompartmental Analysis of Clinical Pharmacokinetic Data},
  author={Noe, Dennis A},
  journal={Clinical Pharmacology in Drug Development},
  volume={9},
  pages={S5--S35},
  year={2020},
  publisher={Wiley Online Library}
}


@book{chow2009design,
  title={Design and Analysis of Bioavailability and Bioequivalence Studies},
  author={Chow, S.C. and Liu, J.},
  isbn={9781420011678},
  lccn={2008025461},
  series={Chapman \& Hall/CRC Biostatistics Series},
  url={https://books.google.co.kr/books?id=KtKJFGJeV3MC},
  year={2008},
  publisher={CRC Press}
}

# 04.Rmd ----

# 05.Rmd ----
